@InProceedings{Article1,
  author = 	 {Pommereau, Franck},
  title = 	 {A very nice article},
  booktitle =    {Proc. of CONF'10},
  year = 	 {2010},
  publisher =    {Academic Publisher},
}
@InBook{Article2,
  author = 	 {Doe, John},
  title = 	 {Some very good ideas},
  chapter = 	 {12},
  publisher = 	 {Serious Editions},
  year = 	 {2001},
}
@Article{MonArticle,
  author = 	 {Pommereau, Franck and Doe, John},
  title = 	 {The best article ever},
  journal = 	 {Journal of Interesting Science},
  year = 	 {2011},
  number =       {42},
}
