@Article{Article1, 
author = {Onelogin},
title = {Qu’est-ce que la cybersécurité et pourquoi est-elle importante ?}, 
journal = {Onelogin}, 
year = {2011},
url={https://www.onelogin.com/fr-fr/learn/what-is-cyber-security}
}

@Article{Article2, 
author = {Fortinet},
title = {Les différents types de cyberattaques}, 
journal = {Fortinet}, 
year = {2023},
url = {https://www.fortinet.com/fr/resources/cyberglossary/types-of-cyber-attacks}
}

@Article{Article3, 
author = {Arielle}, 
title = {Qu’est-ce qu’une cyberattaque ?}, 
journal = {Justgeek}, 
year = {14/03/2022},
url = {https://www.justgeek.fr/quest-ce-quune-cyberattaque-88332/}
}

@Article{Article4,
author = {cyber malveillance},
title = {Les 10 mesures essentiels pour assurer votre cybersécurité}, 
journal = {cyber malveillance}, 
year = {06/01/2021},
url = {https://www.cybermalveillance.gouv.fr/tous-nos-contenus/bonnes-pratiques/10-mesures-essentielles-assurer-securite-numerique}
}

@Article{Article5, 
author = {Cyber-malveillance},
title = {Que faire en cas de cyberattaque ?}, 
journal = {cyber malveillance}, 
year = {27/01/2022},
url = {https://www.cybermalveillance.gouv.fr/tous-nos-contenus/bonnes-pratiques/cyberattaque-que-faire-guide-dirigeants}
}

@Article{Article6, 
author = {CNIL},
title = {Wifi public : les précautions à prendre}, 
journal = {CNIL}, 
year = {25/10/2017},
url = {https://www.cnil.fr/fr/utiliser-un-wi-fi-public-voici-4-precautions-prendre}
}

@Article{Article7, 
author = {VAADATA},
title = {Injections SQL (SQLi) : principes, impacts, exploitations et bonnes pratiques de sécurité}, 
journal = {VAADATA}, 
year = {06/07/2022},
url = {https://www.vaadata.com/blog/fr/injections-sql-principes-impacts-exploitations-bonnes-pratiques-securite/}
}

@Article{Article8, 
author = {CNIL},
title = {Notifier une violation de données personnelles}, 
journal = {CNIL}, 
year = {24/05/2018},
url = {https://www.cnil.fr/fr/notifier-une-violation-de-donnees-personnelles}
}

@Article{Article9, 
author = {ZSCALER},
title = {Qu’est-ce qu’une attaque ransomware ou rançongiciel ?}, 
journal = {ZSCALER}, 
year = {2023},
url = {https://www.zscaler.fr/resources/security-terms-glossary/what-are-ransomware-attacks}
}

@Article{Article10, 
author = {FUTURA},
title = {Cyberattaque : qu'est-ce que c'est ?}, 
journal = {Futura-sicences}, 
year = {27/01/2022},
url = {https://www.futura-sciences.com/tech/definitions/piratage-cyberattaque-18946/}
}

@Article{Article11, 
author = {Gouvernement},
title = {Cybersécurité}, 
journal = {Gouvernement-cybersécurité}, 
year = {23/11/2020},
url = {https://www.gouvernement.fr/cybersecurite}
}


@Article{Article12, 
author = {CISCO},
title = {Qu'est-ce que la cybersécurité}, 
journal = {CISCO}, 
year = {2023},
url = {https://www.cisco.com/c/fr_fr/products/security/what-is-cybersecurity.html}
}


@Article{Article13, 
author = {Gouvernement},
title = {Comment se prémunir d’une cyberattaque ?}, 
journal = {Gouvernement-actualité}, 
year = {16/03/2022},
url = {https://www.gouvernement.fr/actualite/attention-aux-arnaques-en-ligne}
}

@Article{Article14, 
author = {AXA},
title = {Conseils en sécurité informatique.}, 
journal = {AXA}, 
year = {2023},
url = {https://www.axa.fr/pro/conseils/securite-informatique.html}
}